<?xml version="1.0" encoding="UTF-8"?><collection xmlns="http://www.loc.gov/MARC21/slim"><record><leader>00638nam--2200181-i-4500</leader><controlfield tag="001">000034112</controlfield><controlfield tag="002">20161230</controlfield><controlfield tag="005">20161230201039</controlfield><controlfield tag="008">060222s1000------------r-----000-0-fre-d</controlfield><datafield ind1=" " ind2=" " tag="040"><subfield code="a">IFIN-HH</subfield></datafield><datafield ind1=" " ind2=" " tag="041"><subfield code="a">fre</subfield></datafield><datafield ind1=" " ind2=" " tag="080"><subfield code="a">533.9(043)</subfield></datafield><datafield ind1="1" ind2=" " tag="100"><subfield code="a">Mossino, Jacqueline</subfield></datafield><datafield ind1="1" ind2="0" tag="245"><subfield code="a">Etude de quelques problemes non lineaires d`un type nouceau apparaissant en physique des plasmas. application de la dualite au controle optimal; singularites des applications differentiables</subfield><subfield code="b">These</subfield><subfield code="c">Jacqueline mossino</subfield></datafield><datafield ind1=" " ind2=" " tag="260"><subfield code="a">Orsay</subfield><subfield code="b">La Faculte Des Sciences D`Orsay</subfield><subfield code="c">1977</subfield></datafield><datafield ind1=" " ind2=" " tag="300"><subfield code="a">61P</subfield></datafield><datafield ind1=" " ind2=" " tag="852"><subfield code="a">44839</subfield><subfield code="c">533.9</subfield></datafield><datafield ind1=" " ind2=" " tag="CAT"><subfield code="a">Sys</subfield><subfield code="c">20110114</subfield><subfield code="h">123928</subfield></datafield></record></collection>